@techreport{whatwg-html,
    type        = {Standard},
    key         = {HTML Living Standard},
    month       = aug,
    year        = {2015},
    title       = {{HTML Living Standard}},
    institution = {{Web Hypertext Application Technology Working Group (WHATWG)}},
    url         = {https://html.spec.whatwg.org/},
    language    = {Englisch}
}